<?xml version="1.0" encoding="UTF-8"?><collection xmlns="http://www.loc.gov/MARC21/slim"><record><leader>00558nam--2200181-i-4500</leader><controlfield tag="001">000014043</controlfield><controlfield tag="002">20161230</controlfield><controlfield tag="005">20161230201030</controlfield><controlfield tag="008">060222s1000------------r-----000-0-fre-d</controlfield><datafield ind1=" " ind2=" " tag="040"><subfield code="a">IFIN-HH</subfield></datafield><datafield ind1=" " ind2=" " tag="041"><subfield code="a">fre</subfield></datafield><datafield ind1=" " ind2=" " tag="080"><subfield code="a">533.9:539.186(043)</subfield></datafield><datafield ind1="1" ind2=" " tag="100"><subfield code="a">Baran, Ghislain</subfield></datafield><datafield ind1="1" ind2="0" tag="245"><subfield code="a">Transfert de charge symetrique et echange d`ex citation entre etats de rydberg dans l`helium aux energies thermiques</subfield><subfield code="b">These</subfield><subfield code="c">Ghislain baran</subfield></datafield><datafield ind1=" " ind2=" " tag="260"><subfield code="a">Orsay</subfield><subfield code="b">Universite De Paris-sud</subfield><subfield code="c">1890</subfield></datafield><datafield ind1=" " ind2=" " tag="300"><subfield code="a">119 P</subfield></datafield><datafield ind1=" " ind2=" " tag="852"><subfield code="a">49669</subfield><subfield code="c">533.9</subfield></datafield><datafield ind1=" " ind2=" " tag="CAT"><subfield code="a">Sys</subfield><subfield code="c">20110118</subfield><subfield code="h">085318</subfield></datafield></record></collection>